<?xml version="1.0" encoding="UTF-8"?><collection xmlns="http://www.loc.gov/MARC21/slim"><record><leader>00598nam--2200181-i-4500</leader><controlfield tag="001">000015305</controlfield><controlfield tag="002">20161230</controlfield><controlfield tag="005">20161230201031</controlfield><controlfield tag="008">060222s1000------------r-----000-0-eng-d</controlfield><datafield ind1=" " ind2=" " tag="040"><subfield code="a">IFIN-HH</subfield></datafield><datafield ind1=" " ind2=" " tag="080"><subfield code="a">539.17(430.1)(047.1)</subfield></datafield><datafield ind1="1" ind2=" " tag="100"><subfield code="a">Cierjacks, S./S.A.</subfield></datafield><datafield ind1="1" ind2="0" tag="245"><subfield code="a">Progress report on nuclear data research in the federal republic of germany, for the period april 1, 1982 to march 31, 1983</subfield><subfield code="c">S. cierjacks, h. behrens</subfield></datafield><datafield ind1=" " ind2=" " tag="260"><subfield code="a">Karlsruhe</subfield><subfield code="b">Fachinformationzentrum Energie Physik</subfield><subfield code="c">1983</subfield></datafield><datafield ind1=" " ind2=" " tag="300"><subfield code="a">73 P</subfield></datafield><datafield ind1="1" ind2=" " tag="700"><subfield code="a">Behrens, H</subfield></datafield><datafield ind1=" " ind2=" " tag="852"><subfield code="a">72005</subfield><subfield code="c">539.17</subfield></datafield><datafield ind1=" " ind2=" " tag="CAT"><subfield code="a">Sys</subfield><subfield code="c">20120622</subfield><subfield code="h">132559</subfield></datafield></record></collection>